@article{Ghysels2015,
  doi = {10.2139/ssrn.2616736},
  url = {https://doi.org/10.2139/ssrn.2616736},
  year = {2015},
  publisher = {Elsevier {BV}},
  author = {Eric Ghysels and Jonathan B. Hill and Kaiji Motegi},
  title = {Simple Granger Causality Tests for Mixed Frequency Data},
  journal = {{SSRN} Electronic Journal}
}

@article{Gerlach1979,
  doi = {10.1016/s0003-2670(01)85039-x},
  url = {https://doi.org/10.1016/s0003-2670(01)85039-x},
  year = {1979},
  month = dec,
  publisher = {Elsevier {BV}},
  volume = {112},
  number = {4},
  pages = {417--421},
  author = {Robert W. Gerlach and Bruce R. Kowalski and Herman O.A. Wold},
  title = {Partial least-squares path modelling with latent variables},
  journal = {Analytica Chimica Acta}
}

@article{Grkaynak2007,
  doi = {10.1016/j.jmoneco.2007.06.029},
  url = {https://doi.org/10.1016/j.jmoneco.2007.06.029},
  year = {2007},
  month = nov,
  publisher = {Elsevier {BV}},
  volume = {54},
  number = {8},
  pages = {2291--2304},
  author = {Refet S. G\"{u}rkaynak and Brian Sack and Jonathan H. Wright},
  title = {The U.S. Treasury yield curve: 1961 to the present},
  journal = {Journal of Monetary Economics}
}

@article{McCracken2016,
  doi = {10.1080/07350015.2015.1086655},
  url = {https://doi.org/10.1080/07350015.2015.1086655},
  year = {2016},
  month = sep,
  publisher = {Informa {UK} Limited},
  volume = {34},
  number = {4},
  pages = {574--589},
  author = {Michael W. McCracken and Serena Ng},
  title = {{FRED}-{MD}: A Monthly Database for Macroeconomic Research},
  journal = {Journal of Business {\&} Economic Statistics}
}